@article{Kupce2017ACIE,
    doi = {10.1002/anie.201705506},
    author = {Kup{\v{c}}e, {\=E}riks and Claridge, Tim D.\ W.},
    title = {{NOAH}: {NMR} Supersequences for Small Molecule Analysis and Structure Elucidation},
    journaltitle = {Angew.\ Chem.\ Int.\ Ed.},
    year = {2017},
    volume = {56},
    number = {39},
    pages = {11779--11783},
}
@article{Kupce2018CC,
    doi = {10.1039/c8cc03296c},
    author = {Kup{\v{c}}e, {\=E}riks and Claridge, Tim D.\ W.},
    title = {Molecular structure from a single {NMR} supersequence},
    journaltitle = {Chem.\ Commun.},
    year = {2018},
    volume = {54},
    number = {52},
    pages = {7139--7142},
}
@article{Claridge2019MRC,
    doi = {10.1002/mrc.4887},
    author = {Claridge, Tim D.\ W. and Mayzel, Maksim and Kup{\v{c}}e, {\=E}riks},
    title = {Triplet {NOAH} supersequences optimised for small molecule structure characterisation},
    journaltitle = {Magn.\ Reson.\ Chem.},
    year = {2019},
    volume = {57},
    number = {11},
    pages = {946--952},
}
@article{Kupce2019JMR,
    doi = {10.1016/j.jmr.2019.106568},
    author = {Kup{\v{c}}e, {\=E}riks and Claridge, Tim D.\ W.},
    title = {New {NOAH} modules for structure elucidation at natural isotopic abundance},
    journaltitle = {J.\ Magn.\ Reson.},
    year = {2019},
    volume = {307},
    pages = {106568},
}
@article{Kupce2021PNMRS,
    doi = {10.1016/j.pnmrs.2021.03.001},
    author = {Kup{\v{c}}e, {\=E}riks and Mote, Kaustubh R. and Webb, Andrew and Madhu, Perunthiruthy K. and Claridge, Tim D.\ W.},
    title = {Multiplexing experiments in {NMR} and multi-nuclear {MRI}},
    journaltitle = {Prog.\ Nucl.\ Magn.\ Reson.\ Spectrosc.},
    year = {2021},
    volume = {124-125},
    pages = {1--56},
}
@article{Kupce2021NRMP,
    doi = {10.1038/s43586-021-00024-3},
    author = {Kup{\v{c}}e, {\=E}riks and Frydman, Lucio and Webb, Andrew G. and Yong, Jonathan R.\ J. and Claridge, Tim D.\ W.},
    title = {Parallel nuclear magnetic resonance spectroscopy},
    journaltitle = {Nat.\ Rev.\ Methods Primers},
    year = {2021},
    volume = {1},
    number = {1},
    pages = {No. 27},
}
@article{Hansen2021AC,
    doi = {10.1021/acs.analchem.0c05205},
    author = {Hansen, Alexandar L. and Kup{\v{c}}e, {\=E}riks and Li, Da-Wei and Bruschweiler-Li, Lei and Wang, Cheng and Br{\"u}schweiler, Rafael},
    title = {{2D} {NMR}-Based Metabolomics with {HSQC/TOCSY} {NOAH} Supersequences},
    journaltitle = {Anal.\ Chem.},
    year = {2021},
    volume = {93},
    number = {15},
    pages = {6112--6119},
}
@article{Yong2021JMR,
    doi = {10.1016/j.jmr.2021.107027},
    author = {Yong, Jonathan R.\ J. and Hansen, Alexandar L. and Kup{\v{c}}e, {\=E}riks and Claridge, Tim D.\ W.},
    title = {Increasing sensitivity and versatility in NMR supersequences with new HSQC-based modules},
    journaltitle = {J.\ Magn.\ Reson.},
    year = {2021},
    volume = {329},
    pages = {107027},
}
@set{noah,
    entryset = {Kupce2017ACIE,Kupce2018CC,Claridge2019MRC,Kupce2019JMR,Kupce2021PNMRS,Kupce2021NRMP,Hansen2021AC,Yong2021JMR}
}

@article{Frydman2002PNASUSA,
    doi = {10.1073/pnas.252644399},
    author = {Frydman, L. and Scherf, T. and Lupulescu, A.},
    title = {The acquisition of multidimensional {NMR} spectra within a single scan},
    journaltitle = {Proc.\ Natl.\ Acad.\ Sci.\ U.\ S.\ A.},
    year = {2002},
    volume = {99},
    number = {25},
    pages = {15858--15862},
}
@article{Frydman2003JACS,
    doi = {10.1021/ja030055b},
    author = {Frydman, Lucio and Lupulescu, Adonis and Scherf, Tali},
    title = {Principles and Features of Single-Scan Two-Dimensional {NMR} Spectroscopy},
    journaltitle = {J.\ Am.\ Chem.\ Soc.},
    year = {2003},
    volume = {125},
    number = {30},
    pages = {9204--9217},
}
@article{Tal2010PNMRS,
    doi = {10.1016/j.pnmrs.2010.04.001},
    author = {Tal, Assaf and Frydman, Lucio},
    title = {Single-scan multidimensional magnetic resonance},
    journaltitle = {Prog.\ Nucl.\ Magn.\ Reson.\ Spectrosc.},
    year = {2010},
    volume = {57},
    number = {3},
    pages = {241--292},
}
@set{ultrafast,
    entryset = {Frydman2002PNASUSA,Frydman2003JACS,Tal2010PNMRS}
}

@article{Mobli2014PNMRS,
    doi = {10.1016/j.pnmrs.2014.09.002},
    author = {Mobli, Mehdi and Hoch, Jeffrey C.},
    journal = {Prog.\ Nucl.\ Magn.\ Reson.\ Spectrosc.},
    title = {Nonuniform sampling and non-{Fourier} signal processing methods in multidimensional {NMR}},
    year = {2014},
    volume = {83},
    pages = {21--41},
}
@article{Kazimierczuk2015MRC,
    doi = {10.1002/mrc.4284},
    author = {Kazimierczuk, Krzysztof and Orekhov, Vladislav},
    journal = {Magn.\ Reson.\ Chem.},
    title = {Non-uniform sampling: post-{Fourier} era of NMR data collection and processing},
    year = {2015},
    volume = {53},
    issue = {11},
    pages = {921--926},
}
@article{Golowicz2020PNMRS,
    doi = {10.1016/j.pnmrs.2019.09.003},
    author = {Go{\l{}}owicz, Dariusz and Kasprzak, Pawe{\l{}} and Orekhov, Vladislav and Kazimierczuk, Krzysztof},
    journal = {Prog.\ Nucl.\ Magn.\ Reson.\ Spectrosc.},
    title = {Fast time-resolved {NMR} with non-uniform sampling},
    year = {2020},
    volume = {116},
    pages = {40--55},
}
@set{nus,
    entryset = {Mobli2014PNMRS, Kazimierczuk2015MRC, Golowicz2020PNMRS},
}

@article{Nolis2007ACIE,
    doi = {10.1002/anie.200702258},
    author = {Nolis, Pau and P{\'e}rez-Trujillo, Miriam and Parella, Teodor},
    title = {Multiple {FID} Acquisition of Complementary {HMBC} Data},
    journaltitle = {Angew.\ Chem.\ Int.\ Ed.},
    year = {2007},
    volume = {46},
    number = {39},
    pages = {7495--7497},
}
@article{Kupce2008JACS,
    doi = {10.1021/ja8036492},
    author = {Kup{\v{c}}e, {\={E}}riks and Freeman, Ray},
    title = {Molecular Structure from a Single {NMR} Experiment},
    journaltitle = {J.\ Am.\ Chem.\ Soc.},
    year = {2008},
    volume = {130},
    number = {32},
    pages = {10788--10792},
}
@article{Nagy2019CC,
    doi = {10.1039/c9cc06253j},
    author = {Nagy, Tam{\'a}s Mil{\'a}n and Gy{\"o}ngy{\"o}si, Tam{\'a}s and K{\"o}v{\'e}r, Katalin E. and S{\o}rensen, Ole W.},
    title = {{BANGO} {SEA} {XLOC}/{HMBC--H2OBC}: complete heteronuclear correlation within minutes from one {NMR} pulse sequence},
    journaltitle = {Chem.\ Commun.},
    year = {2019},
    volume = {55},
    number = {81},
    pages = {12208--12211},
}
@article{Nagy2020JMR,
    doi = {10.1016/j.jmr.2020.106767},
    author = {Nagy, Tam{\'a}s Mil{\'a}n and K{\"o}v{\'e}r, Katalin E. and S{\o}rensen, Ole W.},
    title = {Double and adiabatic {BANGO} for concatenating two {NMR} experiments relying on the same pool of magnetization},
    journaltitle = {J.\ Magn.\ Reson.},
    year = {2020},
    volume = {316},
    pages = {106767},
}
@set{multifid,
    entryset = {Nolis2007ACIE, Kupce2008JACS, Nagy2019CC, Nagy2020JMR}
}

@article{Schanda2006JACS,
    doi = {10.1021/ja062025p},
    author = {Schanda, Paul and Van Melckebeke, H{\'e}l{\`e}ne and Brutscher, Bernhard},
    title = {Speeding Up Three-Dimensional Protein {NMR} Experiments to a Few Minutes},
    journaltitle = {J.\ Am.\ Chem.\ Soc.},
    year = {2006},
    volume = {128},
    number = {28},
    pages = {9042--9043},
}
@article{Kupce2007MRC,
    doi = {10.1002/mrc.1931},
    author = {Kup{\v{c}}e, {\={E}}riks and Freeman, Ray},
    title = {Fast multidimensional {NMR} by polarization sharing},
    journaltitle = {Magn.\ Reson.\ Chem.},
    year = {2007},
    volume = {45},
    number = {1},
    pages = {2--4},
}
@article{SchulzeSunninghausen2014JACS,
    doi = {10.1021/ja411588d},
    author = {Schulze-S{\"u}nninghausen, David and Becker, Johanna and Luy, Burkhard},
    title = {Rapid Heteronuclear Single Quantum Correlation {NMR} Spectra at Natural Abundance},
    journaltitle = {J.\ Am.\ Chem.\ Soc.},
    year = {2014},
    volume = {136},
    number = {4},
    pages = {1242--1245},
}
@article{Nagy2021ACIE,
    doi = {10.1002/anie.202102487},
    author = {Nagy, Tam{\'a}s Mil{\'a}n and K{\"o}v{\'e}r, Katalin E. and S{\o}rensen, Ole W.},
    title = {{NORD}: NO Relaxation Delay {NMR} Spectroscopy},
    journaltitle = {Angew.\ Chem.\ Int.\ Ed.},
    year = {2021},
    volume = {60},
    number = {24},
    pages = {13587--13590},
}
@set{reducedd1,
    entryset = {Schanda2006JACS, Kupce2007MRC, SchulzeSunninghausen2014JACS, Nagy2021ACIE}
}

@article{Palmer1991JMR,
    doi = {10.1016/0022-2364(91)90036-s},
    author = {Palmer, III, Arthur G. and Cavanagh, John and Wright, Peter E. and Rance, Mark},
    title = {Sensitivity improvement in proton-detected two-dimensional heteronuclear correlation {NMR} spectroscopy},
    journaltitle = {J.\ Magn.\ Reson.},
    year = {1991},
    volume = {93},
    number = {1},
    pages = {151--170},
}
@article{Kay1992JACS,
    doi = {10.1021/ja00052a088},
    author = {Kay, E., Lewis and Keifer, Paul and Saarinen, Tim},
    title = {Pure absorption gradient enhanced heteronuclear single quantum correlation spectroscopy with improved sensitivity},
    journaltitle = {J.\ Am.\ Chem.\ Soc.},
    year = {1992},
    volume = {114},
    number = {26},
    pages = {10663--10665},
}
@set{sehsqc,
    entryset = {Palmer1991JMR,Kay1992JACS}
}

@article{Enthart2008JMR,
    doi = {10.1016/j.jmr.2008.03.009},
    author = {Enthart, Andreas and Freudenberger, J.\ Christoph and Furrer, Julien and Kessler, Horst and Luy, Burkhard},
    title = {The {CLIP}/{CLAP-HSQC}: Pure absorptive spectra for the measurement of one-bond couplings},
    journaltitle = {J.\ Magn.\ Reson.},
    year = {2008},
    volume = {192},
    number = {2},
    pages = {314--322},
}
@article{PerezTrujillo2007MRC,
    doi = {10.1002/mrc.1973},
    author = {P{\'e}rez-Trujillo, Miriam and Nolis, Pau and Bermel, Wolfgang and Parella, Teodor},
    title = {Optimizing sensitivity and resolution in time-shared NMR experiments},
    journaltitle = {Magn.\ Reson.\ Chem.},
    year = {2007},
    volume = {45},
    number = {4},
    pages = {325--329},
}

@article{Foroozandeh2014ACIE,
    doi = {10.1002/anie.201404111},
    author = {Foroozandeh, Mohammadali and Adams, Ralph W. and Meharry, Nicola J. and Jeannerat, Damien and Nilsson, Mathias and Morris, Gareth A.},
    title = {Ultrahigh-Resolution NMR Spectroscopy},
    journaltitle = {Angew.\ Chem.\ Int.\ Ed.},
    year = {2014},
    volume = {53},
    number = {27},
    pages = {6990--6992},
}
@article{Foroozandeh2015CC,
    doi = {10.1039/c5cc06293d},
    author = {Foroozandeh, M. and Adams, R.\ W. and Kiraly, P. and Nilsson, M. and Morris, G.\ A.},
    title = {Measuring couplings in crowded NMR spectra: pure shift NMR with multiplet analysis},
    journaltitle = {Chem.\ Commun.},
    year = {2015},
    volume = {51},
    number = {84},
    pages = {15410--15413},
}
@article{Foroozandeh2018CEJ,
    doi = {10.1002/chem.201800524},
    author = {Foroozandeh, Mohammadali and Morris, Gareth A. and Nilsson, Mathias},
    title = {PSYCHE Pure Shift NMR Spectroscopy},
    journaltitle = {Chem.\ Eur.\ J.},
    year = {2018},
    volume = {24},
    number = {53},
    pages = {13988--14000},
}
@set{psyche,
    entryset = {Foroozandeh2014ACIE,Foroozandeh2015CC,Foroozandeh2018CEJ}
}
